@article{1975Cf252,
  title = {Angular Correlation of Neutrons from Spontaneous Fission of $^{252}\mathrm{Cf}$},
  author = {Pringle, J. S. and Brooks, F. D.},
  journal = {Phys. Rev. Lett.},
  volume = {35},
  issue = {23},
  pages = {1563--1566},
  numpages = {0},
  year = {1975},
  month = {Dec},
  publisher = {American Physical Society},
  doi = {10.1103/PhysRevLett.35.1563},
  url = {https://link.aps.org/doi/10.1103/PhysRevLett.35.1563}
}

@article{fragmentRestFrame,
  title = {Prompt Neutrons from Thorium Photofission},
  author = {Sargent, C. P. and Bertozzi, W. and Demos, P. T. and Matthews, J. L. and Turchinetz, W.},
  journal = {Phys. Rev.},
  volume = {137},
  issue = {1B},
  pages = {B89--B101},
  numpages = {0},
  year = {1965},
  month = {Jan},
  publisher = {American Physical Society},
  doi = {10.1103/PhysRev.137.B89},
  url = {https://link.aps.org/doi/10.1103/PhysRev.137.B89}
}

@article{Bowman,
  title = {Velocity and Angular Distributions of Prompt Neutrons from Spontaneous Fission of ${\mathrm{Cf}}^{252}$},
  author = {Bowman, Harry R. and Thompson, Stanley G. and Milton, J. C. D. and Swiatecki, Wladyslaw J.},
  journal = {Phys. Rev.},
  volume = {126},
  issue = {6},
  pages = {2120--2136},
  numpages = {0},
  year = {1962},
  month = {Jun},
  publisher = {American Physical Society},
  doi = {10.1103/PhysRev.126.2120},
  url = {https://link.aps.org/doi/10.1103/PhysRev.126.2120}
}

@article{JORGENSEN,
title = "Simultaneous investigation of fission fragments and neutrons in 252Cf (SF)",
journal = "Nuclear Physics A",
volume = "490",
number = "2",
pages = "307 - 328",
year = "1988",
issn = "0375-9474",
doi = "https://doi.org/10.1016/0375-9474(88)90508-8",
url = "http://www.sciencedirect.com/science/article/pii/0375947488905088",
author = "C. Budtz-JÃžrgensen and H.-H. Knitter"
}

@article{KORNILOV2001,
title = "New evidence of an intense scission neutron source in the 252Cf spontaneous fission",
journal = "Nuclear Physics A",
volume = "686",
number = "1",
pages = "187 - 203",
year = "2001",
issn = "0375-9474",
doi = "https://doi.org/10.1016/S0375-9474(00)00561-3",
url = "http://www.sciencedirect.com/science/article/pii/S0375947400005613",
author = "N.V Kornilov and A.B Kagalenko and S.V Poupko and P.A Androsenko and F.-J Hambsch",
keywords = "Cf(sf), Neutron energy-angular distributions, Deduced scission neutron yield, Scission neutron spectra"
}

@phdthesis{seregina1985,
  title={Measurements and Analysis of Angular-Energy Distribution for 252Cf (SF) neutrons},
  author={Seregina},
  year={1985},
  school={IPPE, Obninsk, Russia}
}

@inproceedings{serot2017influence,
  title={Influence of scission neutrons on the prompt fission neutron spectrum calculations},
  author={Serot, Olivier and Litaize, Olivier and Chebboubi, Abdelaziz},
  booktitle={EPJ Web of Conferences},
  volume={146},
  pages={04027},
  year={2017},
  organization={EDP Sciences}
}

@article{1948twoNCorr,
  title = {Angular Dependence of Coincidences between Fission Neutrons},
  author = {Debenedetti, S. and Francis, J. E. and Preston, W. M. and Bonner, T. W.},
  journal = {Phys. Rev.},
  volume = {74},
  issue = {11},
  pages = {1645--1650},
  numpages = {0},
  year = {1948},
  month = {Dec},
  publisher = {American Physical Society},
  doi = {10.1103/PhysRev.74.1645},
  url = {https://link.aps.org/doi/10.1103/PhysRev.74.1645}
}

@article{Caldwell2017DelayedNs,
author = {J. T. Caldwell and E. J. Dowdy and R. A. Alvarez and B. L. Berman and P. Meyer},
title = {Experimental Determination of Photofission Neutron Multiplicities for 235U, 236U, 238U, and 232Th Using Monoenergetic Photons},
journal = {Nuclear Science and Engineering},
volume = {73},
number = {2},
pages = {153-163},
year  = {1980},
publisher = {Taylor & Francis},
doi = {10.13182/NSE80-A18695},
URL = { https://doi.org/10.13182/NSE80-A18695}
}


@ARTICLE{2008CF252,
   author = {{Gagarski}, A.~M. and {Guseva}, I.~S. and {Sokolov}, V.~E. and 
	{Val'Ski}, G.~V. and {Petrov}, G.~A. and {Krinitsin}, D.~O. and 
	{Nikolaev}, D.~V. and {Zavarukhina}, T.~A. and {Petrova}, V.~I.
	},
    title = "{Neutron-neutron angular correlations in spontaneous fission of 252Cf}",
  journal = {Bulletin of the Russian Academy of Sciences, Physics},
     year = 2008,
    month = jul,
   volume = 72,
    pages = {773-777},
      doi = {10.3103/S1062873808060130},
   adsurl = {http://adsabs.harvard.edu/abs/2008BRASP..72..773G},
  adsnote = {Provided by the SAO/NASA Astrophysics Data System}
}

@article{Pozzi2014,
author = {Sara A. Pozzi and Brian Wieger and Andreas Enqvist and Shaun D. Clarke and Marek Flaska and Matthew Marcath and Edward Larsen and Robert C. Haight and Enrico Padovani},
title = {Correlated Neutron Emissions from 252Cf},
journal = {Nuclear Science and Engineering},
volume = {178},
number = {2},
pages = {250-260},
year  = {2014},
publisher = {Taylor & Francis},
doi = {10.13182/NSE13-96},

URL = { 
        https://doi.org/10.13182/NSE13-96
    
},
eprint = { 
        https://doi.org/10.13182/NSE13-96
}
}

@article{Scission2005,
author = {G. A. Petrov},
title = {Current Status of the Search for Scission Neutrons in Fission and Estimation of their Main Characteristics},
journal = {AIP Conference Proceedings},
volume = {798},
number = {1},
pages = {205-212},
year = {2005}
}

@article{Sokolov2010,
author = { V. E. Sokolov and G. A. Petrov },
title = { Investigation of
the angular dependences of neutron-neutron coincidences
from 252Cf, 235U, 233U and 239Pu fission in search
of scission neutrons},
pages = {108-118},
year = {2010},
journal = { Proc. XVIII Internat.
Seminar on Interaction of Neutrons with Nuclei (ISSIN-18)},
}

@article{POLIMI,
title = "MCNPX-PoliMi post-processing algorithm for detector response simulations",
author = "Miller, {Eric C.} and Clarke, {Shaun D.} and Marek Flaska and Pozzi, {Sara A.} and Enrico Padovani",
key = content,
year = "2012",
month = "12",
language = "English (US)",
volume = "40",
pages = "34--41",
journal = "JNMM, Journal of the Institute of Nuclear Materials Management",
issn = "0893-6188",
publisher = "Institute of Nuclear Materials Management",
number = "2",
}

